<?xml version="1.0" encoding="UTF-8"?><collection xmlns="http://www.loc.gov/MARC21/slim"><record><leader>00385nam--2200133-i-4500</leader><controlfield tag="001">000004359</controlfield><controlfield tag="002">20161230</controlfield><controlfield tag="005">20161230201025</controlfield><controlfield tag="008">060222s1000------------r-----000-0-eng-d</controlfield><datafield ind1=" " ind2=" " tag="100"><subfield code="a">Boohr, A., Froman, P.O. And Mottelson, B.R</subfield></datafield><datafield ind1=" " ind2=" " tag="245"><subfield code="a">On the fine structure in alpha decay</subfield></datafield><datafield ind1=" " ind2=" " tag="260"><subfield code="a">Kobenhavn, Ejnar Munksgaard, 1955. 20 P</subfield></datafield><datafield ind1=" " ind2=" " tag="490"><subfield code="a">Kgl.Dan.Vid.Selsk.Mat.Fys.Medd</subfield></datafield><datafield ind1=" " ind2=" " tag="852"><subfield code="a">5568</subfield></datafield></record></collection>